<record><leader>00000cas a22000007a 4500</leader><controlfield tag="001">17278097</controlfield><controlfield tag="008">871222d19681978ohudn ne      0    0eng d</controlfield><datafield ind1=" " ind2=" " tag="010"><subfield code="a">sn 87076989 </subfield></datafield><datafield ind1=" " ind2=" " tag="040"><subfield code="a">ONP</subfield><subfield code="b">eng</subfield><subfield code="c">ONP</subfield><subfield code="d">IUL</subfield><subfield code="d">OCLCQ</subfield></datafield><datafield ind1=" " ind2=" " tag="042"><subfield code="a">msc</subfield></datafield><datafield ind1="0" ind2=" " tag="130"><subfield code="a">Greenville daily advocate (Greenville, Ohio : 1968)</subfield></datafield><datafield ind1="1" ind2="0" tag="245"><subfield code="a">Greenville daily advocate.</subfield></datafield><datafield ind1=" " ind2=" " tag="260"><subfield code="a">Greenville, Ohio :</subfield><subfield code="b">J. Knox Dye,</subfield><subfield code="c">1968-1978.</subfield></datafield><datafield ind1=" " ind2=" " tag="310"><subfield code="a">Daily (except Sun.)</subfield></datafield><datafield ind1="0" ind2=" " tag="362"><subfield code="a">Vol. 85, no. 150 (Oct. 25, 1968)-v. 95, no. 145 (Oct. 20, 1978).</subfield></datafield><datafield ind1=" " ind2=" " tag="752"><subfield code="a">United States</subfield><subfield code="b">Ohio</subfield><subfield code="c">Darke</subfield><subfield code="d">Greenville.</subfield></datafield><datafield ind1="0" ind2="0" tag="780"><subfield code="t">Greenville advocate</subfield><subfield code="w">(DLC)sn 87076988</subfield></datafield><datafield ind1="0" ind2="0" tag="785"><subfield code="t">Daily advocate (Greenville, Ohio : 1978)</subfield><subfield code="w">(DLC)sn 87076990</subfield><subfield code="w">(OCoLC)17278100</subfield></datafield></record>